<record><leader>00000cas a2200000 a 4500</leader><controlfield tag="001">9647625</controlfield><controlfield tag="008">830625d18391843ohudn ne      0    0eng c</controlfield><datafield ind1=" " ind2=" " tag="010"><subfield code="a">sn 83035150 </subfield></datafield><datafield ind1=" " ind2=" " tag="040"><subfield code="a">NPY</subfield><subfield code="b">eng</subfield><subfield code="c">NPY</subfield><subfield code="d">NPX</subfield><subfield code="d">DLC</subfield><subfield code="d">NPY</subfield><subfield code="d">ONP</subfield><subfield code="d">OCL</subfield><subfield code="d">DLC</subfield><subfield code="d">CUI</subfield><subfield code="d">OCLCQ</subfield><subfield code="d">OCLCA</subfield><subfield code="d">OCLCF</subfield></datafield><datafield ind1=" " ind2=" " tag="042"><subfield code="a">pcc</subfield></datafield><datafield ind1=" " ind2=" " tag="043"><subfield code="a">n-us-oh</subfield></datafield><datafield ind1="0" ind2="0" tag="050"><subfield code="a">Newspaper 9214-X</subfield></datafield><datafield ind1=" " ind2="4" tag="050"><subfield code="a">AN</subfield></datafield><datafield ind1="0" ind2=" " tag="130"><subfield code="a">Cleveland daily herald (Cleveland, Ohio : 1839)</subfield></datafield><datafield ind1="1" ind2="0" tag="245"><subfield code="a">Cleveland daily herald.</subfield></datafield><datafield ind1="1" ind2="3" tag="246"><subfield code="a">Evening herald</subfield></datafield><datafield ind1=" " ind2=" " tag="260"><subfield code="a">Cleveland [Ohio] :</subfield><subfield code="b">J.A. Harris,</subfield><subfield code="c">1839-1843.</subfield></datafield><datafield ind1=" " ind2=" " tag="300"><subfield code="a">v.</subfield></datafield><datafield ind1=" " ind2=" " tag="310"><subfield code="a">Daily (except Sunday)</subfield></datafield><datafield ind1="0" ind2=" " tag="362"><subfield code="a">Vol. 5, no. 94 (Dec. 13, 1839)- v. 9, no. 73 (Sept. 20, 1843).</subfield></datafield><datafield ind1=" " ind2=" " tag="500"><subfield code="a">Whig.</subfield></datafield><datafield ind1=" " ind2=" " tag="555"><subfield code="a">Subject and personal name index: 1839-1843. 5 v.</subfield></datafield><datafield ind1=" " ind2=" " tag="580"><subfield code="a">Weekly ed.: Cleveland herald and gazette.</subfield></datafield><datafield ind1=" " ind2="0" tag="651"><subfield code="a">Cleveland (Ohio)</subfield><subfield code="v">Newspapers.</subfield></datafield><datafield ind1=" " ind2="0" tag="651"><subfield code="a">Cuyahoga County (Ohio)</subfield><subfield code="v">Newspapers.</subfield></datafield><datafield ind1=" " ind2="7" tag="655"><subfield code="a">Newspapers.</subfield><subfield code="2">fast</subfield><subfield code="0">(OCoLC)fst01423814</subfield></datafield><datafield ind1=" " ind2="7" tag="651"><subfield code="a">Ohio</subfield><subfield code="z">Cleveland.</subfield><subfield code="2">fast</subfield><subfield code="0">(OCoLC)fst01205966</subfield></datafield><datafield ind1=" " ind2="7" tag="651"><subfield code="a">Ohio</subfield><subfield code="z">Cuyahoga County.</subfield><subfield code="2">fast</subfield><subfield code="0">(OCoLC)fst01202752</subfield></datafield><datafield ind1=" " ind2=" " tag="752"><subfield code="a">United States</subfield><subfield code="b">Ohio</subfield><subfield code="c">Cuyahoga</subfield><subfield code="d">Cleveland.</subfield></datafield><datafield ind1="1" ind2=" " tag="775"><subfield code="t">Cleveland herald and gazette</subfield><subfield code="w">(DLC)sn 83035160</subfield><subfield code="w">(OCoLC)9647576</subfield></datafield><datafield ind1="0" ind2="0" tag="780"><subfield code="t">Daily Cleveland herald (Cleveland, Ohio : 1839)</subfield><subfield code="w">(DLC)sn 83068536</subfield><subfield code="w">(OCoLC)21814768</subfield></datafield><datafield ind1="0" ind2="0" tag="785"><subfield code="t">Cleveland herald (Cleveland, Ohio : 1843 : Daily)</subfield><subfield code="w">(DLC)sn 83035151</subfield><subfield code="w">(OCoLC)9647629</subfield></datafield></record>